

%%% MINIMUM WAGE %%%%%

@techreport{neumark2006minimum,
  title={Minimum wages and employment: A review of evidence from the new minimum wage research},
  author={Neumark, David and Wascher, William},
  year={2006},
  institution={National Bureau of Economic Research}
}

@article{katz1992effect,
  title={The effect of the minimum wage on the fast-food industry},
  author={Katz, Lawrence F and Krueger, Alan B},
  journal={Industrial \& Labor Relations Review},
  volume={46},
  number={1},
  pages={6--21},
  year={1992},
  publisher={SAGE Publications}
}

@techreport{card1994minimum,
  title={Minimum wages and employment: A case study of the fast food industry in New Jersey and Pennsylvania},
  author={Card, David and Krueger, Alan B},
  year={1994},
  jornal={The American Economic Review},
  volume = {84},
  number = {4},
  pages = {772-793},
  publisher = {American Economic Asssociation}
}

 @article{aaronson2008minimum,
  title={The minimum wage, restaurant prices, and labor market structure},
  author={Aaronson, Daniel and French, Eric and MacDonald, James},
  journal={Journal of Human Resources},
  volume={43},
  number={3},
  pages={688--720},
  year={2008},
  publisher={University of Wisconsin Press}
}

 @inproceedings{allegretto2016local,
  title={Are Local Minimum Wages Absorbed by Price Increases? Estimates from Internet-based Restaurant Menus},
  author={Allegretto, Sylvia},
  booktitle={2016 Fall Conference: The Role of Research in Making Government More Effective},
  year={2016},
  organization={Appam}
}





%% Existence of Monopsony Power %%%

@article{manning1995we,
  title={How do we know that real wages are too high?},
  author={Manning, Alan},
  journal={The Quarterly Journal of Economics},
  pages={1111--1125},
  year={1995},
  publisher={JSTOR}
}

@article{rebitzer1995consequences,
  title={The consequences of minimum wage laws some new theoretical ideas},
  author={Rebitzer, James B and Taylor, Lowell J},
  journal={Journal of Public Economics},
  volume={56},
  number={2},
  pages={245--255},
  year={1995},
  publisher={Elsevier}
}

@article{burdett1998wage,
  title={Wage differentials, employer size, and unemployment},
  author={Burdett, Kenneth and Mortensen, Dale T},
  journal={International Economic Review},
  pages={257--273},
  year={1998},
  publisher={JSTOR}
}

@article{bhaskar1999minimum,
  title={Minimum wages for Ronald McDonald monopsonies: A theory of monopsonistic competition},
  author={Bhaskar, Venkataraman and To, Ted},
  journal={The Economic Journal},
  volume={109},
  number={455},
  pages={190--203},
  year={1999},
  publisher={Wiley Online Library}
}

%% Monopolistic Competition Pricing %%

@article{dixit1977monopolistic,
  title={Monopolistic competition and optimum product diversity},
  author={Dixit, Avinash K and Stiglitz, Joseph E},
  journal={The American Economic Review},
  volume={67},
  number={3},
  pages={297--308},
  year={1977},
  publisher={JSTOR}
}

%% Hungry Teenager %%

@article{kennan1995elusive,
  title={The elusive effects of minimum wages},
  author={Kennan, John},
  journal={Journal of Economic Literature},
  volume={33},
  number={4},
  pages={1950--1965},
  year={1995},
  publisher={JSTOR}
}

@techreport{macurdy2000increasing,
  title={Increasing the Minimum Wa ge: C alifornia’s Winners and Losers},
  author={MaCurdy, Thomas and O’Brien-Strain, Margaret},
  year={2000},
  institution={Working Paper. San Francisco: Public Policy Institute of California}
}


%%% MACRO/IO %%%%%

@techreport{gopinath2008frequency,
  title={Frequency of price adjustment and pass-through},
  author={Gopinath, Gita and Itskhoki, Oleg},
  year={2008},
  institution={National Bureau of Economic Research}
}


@techreport{nakamura2008pass,
  title={Pass-through in retail and wholesale},
  author={Nakamura, Emi},
  year={2008},
  institution={National Bureau of Economic Research}
}

@article{chicu2013cementing,
  title={Cementing the case for collusion under the National Recovery Administration},
  author={Chicu, Mark and Vickers, Chris and Ziebarth, Nicolas L},
  journal={Explorations in Economic History},
  volume={50},
  number={4},
  pages={487--507},
  year={2013},
  publisher={Elsevier}
}


%%%  YELP %%%%%

@article{luca2011reviews,
  title={Reviews, reputation, and revenue: The case of Yelp. com},
  author={Luca, Michael},
  journal={Com (September 16, 2011). Harvard Business School NOM Unit Working Paper},
  number={12-016},
  year={2011}
}

@article{bardach2012relationship,
  title={The relationship between commercial website ratings and traditional hospital performance measures in the USA},
  author={Bardach, Naomi S and Asteria-Pe{\~n}aloza, Ren{\'e}e and Boscardin, W John and Dudley, R Adams},
  journal={BMJ quality \& safety},
  pages={bmjqs--2012},
  year={2012},
  publisher={BMJ Publishing Group Ltd}
}

@misc{yelpstat,
 title= {An Introduction to Yelp Metrics},
 year= {2016},
 note= {https://www.yelp.com/factsheet}
}

%%%%% GRUBHUB %%%%%%%
@misc{grubstat,
 title= {Grubhub, About Us},
 year= {2016},
 note= {http://about.grubhub.com/about-us/what-is-grubhub/default.aspxt}
}



%%% MIN WAGE LAWS %%%%

@misc{nyff,
 title= {Minimum Wage Information},
 author= {{New York State Department of Labor}},
 year= {2015},
 note= {http://www.labor.ny.gov/formsdocs/factsheets/pdfs/p716.pdf}
}

@misc{nybill,
 title = {Senate Bill S6406C},
 author = {{2015-2016 Legislative Session}},
 year = {2016},
}

@misc{njveto,
 title = {Assembly Committee Substitute for Assembly Bill No. 15},
 author = {Chris Christie},
 year = {2016}
}

@misc{ctbill,
 title = {Senate Bill No. 32, Public Act No. 14-1},
 author = {{State of Connecticut General Assembly}},
 year = {2014}
}


@misc{njbill,
 title = {New Jersey Administrative Code 12:56-3.1},
 author = {{State of New Jersey Department of Labor and Workforce Development}},
 year = {2014}
}

@misc{mabill,
 title = {Session Laws: Chapter 144},
 author = {{State of Massachusetts General Assembly}},
 year = {2014}
}

@misc{vtbill,
 title = {Vermont Minimum Wage Rules, Chapter 5, Title 21},
 author = {{State of Vermont Department of Labor}},
 year = {2014}
}

@misc{panobill,
 title = {Rep. Kim pushes for \$15 minimum wage increase},
 author = {ABC 27 News},
 year = {2017},
 note = {http://abc27.com/2017/01/24/rep-kim-pushes-for-15-minimum-wage-increase/}
}


%%% NEWS ARTICLES %%%%
@article{ff15,
 title = {How the \$15 Minimum Wage Went From Laghable to Viable},
 author = {Steven Greenhouse},
 journal ={The New York Times},
  year = {2016},
 note = {https://www.nytimes.com/2016/04/03/sunday-review/how-the-15-minimum-wage-went-from-laughable-to-viable.html}

}


%%%%% 	GOV FACTS %%%%%%%%%%%
@misc{census,
 title = {Food Services and Drinking Places: 2002},
 author = {U.S. Department of Commerce},
 year = {2002}
}












